%YAML 1.1
%TAG !u! tag:unity3d.com,2011:
--- !u!29 &1
SceneSettings:
  m_ObjectHideFlags: 0
  m_PVSData: 
  m_PVSObjectsArray: []
  m_PVSPortalsArray: []
  m_OcclusionBakeSettings:
    smallestOccluder: 5
    smallestHole: .25
    backfaceThreshold: 100
--- !u!104 &2
RenderSettings:
  m_ObjectHideFlags: 0
  serializedVersion: 6
  m_Fog: 0
  m_FogColor: {r: .5, g: .5, b: .5, a: 1}
  m_FogMode: 3
  m_FogDensity: .00999999978
  m_LinearFogStart: 0
  m_LinearFogEnd: 300
  m_AmbientSkyColor: {r: .211999997, g: .226999998, b: .259000003, a: 1}
  m_AmbientEquatorColor: {r: .114, g: .125, b: .133000001, a: 1}
  m_AmbientGroundColor: {r: .0469999984, g: .0430000015, b: .0350000001, a: 1}
  m_AmbientIntensity: 1
  m_AmbientMode: 3
  m_SkyboxMaterial: {fileID: 0}
  m_HaloStrength: .5
  m_FlareStrength: 1
  m_FlareFadeSpeed: 3
  m_HaloTexture: {fileID: 0}
  m_SpotCookie: {fileID: 10001, guid: 0000000000000000e000000000000000, type: 0}
  m_DefaultReflectionMode: 0
  m_DefaultReflectionResolution: 128
  m_ReflectionBounces: 1
  m_ReflectionIntensity: 1
  m_CustomReflection: {fileID: 0}
  m_Sun: {fileID: 0}
--- !u!127 &3
LevelGameManager:
  m_ObjectHideFlags: 0
--- !u!157 &4
LightmapSettings:
  m_ObjectHideFlags: 0
  serializedVersion: 5
  m_GIWorkflowMode: 0
  m_LightmapsMode: 1
  m_GISettings:
    serializedVersion: 2
    m_BounceScale: 1
    m_IndirectOutputScale: 1
    m_AlbedoBoost: 1
    m_TemporalCoherenceThreshold: 1
    m_EnvironmentLightingMode: 0
    m_EnableBakedLightmaps: 0
    m_EnableRealtimeLightmaps: 0
  m_LightmapEditorSettings:
    serializedVersion: 3
    m_Resolution: 2
    m_BakeResolution: 40
    m_TextureWidth: 1024
    m_TextureHeight: 1024
    m_AOMaxDistance: 1
    m_Padding: 2
    m_CompAOExponent: 0
    m_LightmapParameters: {fileID: 0}
    m_TextureCompression: 1
    m_FinalGather: 0
    m_FinalGatherRayCount: 1024
  m_LightmapSnapshot: {fileID: 0}
  m_RuntimeCPUUsage: 25
--- !u!196 &5
NavMeshSettings:
  serializedVersion: 2
  m_ObjectHideFlags: 0
  m_BuildSettings:
    serializedVersion: 2
    agentRadius: .5
    agentHeight: 2
    agentSlope: 45
    agentClimb: .400000006
    ledgeDropHeight: 0
    maxJumpAcrossDistance: 0
    accuratePlacement: 0
    minRegionArea: 2
    cellSize: .166666672
    manualCellSize: 0
  m_NavMeshData: {fileID: 0}
--- !u!1001 &8927313
Prefab:
  m_ObjectHideFlags: 0
  serializedVersion: 2
  m_Modification:
    m_TransformParent: {fileID: 221486975}
    m_Modifications:
    - target: {fileID: 423626, guid: 413e24e67b0fd3843bae0c2fafee4ef6, type: 2}
      propertyPath: m_LocalPosition.x
      value: 0
      objectReference: {fileID: 0}
    - target: {fileID: 423626, guid: 413e24e67b0fd3843bae0c2fafee4ef6, type: 2}
      propertyPath: m_LocalPosition.y
      value: -712
      objectReference: {fileID: 0}
    - target: {fileID: 423626, guid: 413e24e67b0fd3843bae0c2fafee4ef6, type: 2}
      propertyPath: m_LocalPosition.z
      value: 0
      objectReference: {fileID: 0}
    - target: {fileID: 423626, guid: 413e24e67b0fd3843bae0c2fafee4ef6, type: 2}
      propertyPath: m_LocalRotation.x
      value: 0
      objectReference: {fileID: 0}
    - target: {fileID: 423626, guid: 413e24e67b0fd3843bae0c2fafee4ef6, type: 2}
      propertyPath: m_LocalRotation.y
      value: 0
      objectReference: {fileID: 0}
    - target: {fileID: 423626, guid: 413e24e67b0fd3843bae0c2fafee4ef6, type: 2}
      propertyPath: m_LocalRotation.z
      value: -1.46473872e-06
      objectReference: {fileID: 0}
    - target: {fileID: 423626, guid: 413e24e67b0fd3843bae0c2fafee4ef6, type: 2}
      propertyPath: m_LocalRotation.w
      value: 1
      objectReference: {fileID: 0}
    - target: {fileID: 423626, guid: 413e24e67b0fd3843bae0c2fafee4ef6, type: 2}
      propertyPath: m_RootOrder
      value: 0
      objectReference: {fileID: 0}
    - target: {fileID: 22431632, guid: 413e24e67b0fd3843bae0c2fafee4ef6, type: 2}
      propertyPath: m_AnchorMin.y
      value: 1
      objectReference: {fileID: 0}
    - target: {fileID: 22431632, guid: 413e24e67b0fd3843bae0c2fafee4ef6, type: 2}
      propertyPath: m_AnchorMax.y
      value: 1
      objectReference: {fileID: 0}
    - target: {fileID: 22431632, guid: 413e24e67b0fd3843bae0c2fafee4ef6, type: 2}
      propertyPath: m_AnchoredPosition.x
      value: 90.3967133
      objectReference: {fileID: 0}
    - target: {fileID: 22431632, guid: 413e24e67b0fd3843bae0c2fafee4ef6, type: 2}
      propertyPath: m_AnchoredPosition.y
      value: -17.0050735
      objectReference: {fileID: 0}
    - target: {fileID: 22431632, guid: 413e24e67b0fd3843bae0c2fafee4ef6, type: 2}
      propertyPath: m_SizeDelta.x
      value: 160.793427
      objectReference: {fileID: 0}
    - target: {fileID: 22431632, guid: 413e24e67b0fd3843bae0c2fafee4ef6, type: 2}
      propertyPath: m_SizeDelta.y
      value: 24.0101471
      objectReference: {fileID: 0}
    - target: {fileID: 22406712, guid: 413e24e67b0fd3843bae0c2fafee4ef6, type: 2}
      propertyPath: m_AnchorMin.y
      value: 1
      objectReference: {fileID: 0}
    - target: {fileID: 22406712, guid: 413e24e67b0fd3843bae0c2fafee4ef6, type: 2}
      propertyPath: m_AnchorMax.y
      value: 1
      objectReference: {fileID: 0}
    - target: {fileID: 22406712, guid: 413e24e67b0fd3843bae0c2fafee4ef6, type: 2}
      propertyPath: m_AnchoredPosition.x
      value: 261.190125
      objectReference: {fileID: 0}
    - target: {fileID: 22406712, guid: 413e24e67b0fd3843bae0c2fafee4ef6, type: 2}
      propertyPath: m_AnchoredPosition.y
      value: -17.0050735
      objectReference: {fileID: 0}
    - target: {fileID: 22406712, guid: 413e24e67b0fd3843bae0c2fafee4ef6, type: 2}
      propertyPath: m_SizeDelta.x
      value: 160.793427
      objectReference: {fileID: 0}
    - target: {fileID: 22406712, guid: 413e24e67b0fd3843bae0c2fafee4ef6, type: 2}
      propertyPath: m_SizeDelta.y
      value: 24.0101471
      objectReference: {fileID: 0}
    - target: {fileID: 22431672, guid: 413e24e67b0fd3843bae0c2fafee4ef6, type: 2}
      propertyPath: m_AnchorMin.y
      value: 1
      objectReference: {fileID: 0}
    - target: {fileID: 22431672, guid: 413e24e67b0fd3843bae0c2fafee4ef6, type: 2}
      propertyPath: m_AnchorMax.y
      value: 1
      objectReference: {fileID: 0}
    - target: {fileID: 22431672, guid: 413e24e67b0fd3843bae0c2fafee4ef6, type: 2}
      propertyPath: m_AnchoredPosition.x
      value: 431.983582
      objectReference: {fileID: 0}
    - target: {fileID: 22431672, guid: 413e24e67b0fd3843bae0c2fafee4ef6, type: 2}
      propertyPath: m_AnchoredPosition.y
      value: -17.0050735
      objectReference: {fileID: 0}
    - target: {fileID: 22431672, guid: 413e24e67b0fd3843bae0c2fafee4ef6, type: 2}
      propertyPath: m_SizeDelta.x
      value: 160.793427
      objectReference: {fileID: 0}
    - target: {fileID: 22431672, guid: 413e24e67b0fd3843bae0c2fafee4ef6, type: 2}
      propertyPath: m_SizeDelta.y
      value: 24.0101471
      objectReference: {fileID: 0}
    - target: {fileID: 22492240, guid: 413e24e67b0fd3843bae0c2fafee4ef6, type: 2}
      propertyPath: m_AnchorMin.y
      value: 1
      objectReference: {fileID: 0}
    - target: {fileID: 22492240, guid: 413e24e67b0fd3843bae0c2fafee4ef6, type: 2}
      propertyPath: m_AnchorMax.y
      value: 1
      objectReference: {fileID: 0}
    - target: {fileID: 22492240, guid: 413e24e67b0fd3843bae0c2fafee4ef6, type: 2}
      propertyPath: m_AnchoredPosition.x
      value: 261.190247
      objectReference: {fileID: 0}
    - target: {fileID: 22492240, guid: 413e24e67b0fd3843bae0c2fafee4ef6, type: 2}
      propertyPath: m_AnchoredPosition.y
      value: -85.9499969
      objectReference: {fileID: 0}
    - target: {fileID: 22492240, guid: 413e24e67b0fd3843bae0c2fafee4ef6, type: 2}
      propertyPath: m_SizeDelta.x
      value: 502.380493
      objectReference: {fileID: 0}
    - target: {fileID: 22492240, guid: 413e24e67b0fd3843bae0c2fafee4ef6, type: 2}
      propertyPath: m_SizeDelta.y
      value: 151.899994
      objectReference: {fileID: 0}
    - target: {fileID: 22403064, guid: 413e24e67b0fd3843bae0c2fafee4ef6, type: 2}
      propertyPath: m_AnchorMin.y
      value: 1
      objectReference: {fileID: 0}
    - target: {fileID: 22403064, guid: 413e24e67b0fd3843bae0c2fafee4ef6, type: 2}
      propertyPath: m_AnchorMax.y
      value: 1
      objectReference: {fileID: 0}
    - target: {fileID: 22403064, guid: 413e24e67b0fd3843bae0c2fafee4ef6, type: 2}
      propertyPath: m_AnchoredPosition.x
      value: 261.190247
      objectReference: {fileID: 0}
    - target: {fileID: 22403064, guid: 413e24e67b0fd3843bae0c2fafee4ef6, type: 2}
      propertyPath: m_AnchoredPosition.y
      value: -247.849991
      objectReference: {fileID: 0}
    - target: {fileID: 22403064, guid: 413e24e67b0fd3843bae0c2fafee4ef6, type: 2}
      propertyPath: m_SizeDelta.x
      value: 502.380493
      objectReference: {fileID: 0}
    - target: {fileID: 22403064, guid: 413e24e67b0fd3843bae0c2fafee4ef6, type: 2}
      propertyPath: m_SizeDelta.y
      value: 151.899994
      objectReference: {fileID: 0}
    - target: {fileID: 22467734, guid: 413e24e67b0fd3843bae0c2fafee4ef6, type: 2}
      propertyPath: m_SizeDelta.y
      value: 333.799988
      objectReference: {fileID: 0}
    - target: {fileID: 22434232, guid: 413e24e67b0fd3843bae0c2fafee4ef6, type: 2}
      propertyPath: m_SizeDelta.x
      value: -505
      objectReference: {fileID: 0}
    - target: {fileID: 22301862, guid: 413e24e67b0fd3843bae0c2fafee4ef6, type: 2}
      propertyPath: m_SortingLayerID
      value: 526259621
      objectReference: {fileID: 0}
    - target: {fileID: 22434232, guid: 413e24e67b0fd3843bae0c2fafee4ef6, type: 2}
      propertyPath: m_AnchoredPosition.x
      value: -5
      objectReference: {fileID: 0}
    - target: {fileID: 11437180, guid: 413e24e67b0fd3843bae0c2fafee4ef6, type: 2}
      propertyPath: m_AspectMode
      value: 1
      objectReference: {fileID: 0}
    - target: {fileID: 22434232, guid: 413e24e67b0fd3843bae0c2fafee4ef6, type: 2}
      propertyPath: m_SizeDelta.y
      value: -4.40447998
      objectReference: {fileID: 0}
    - target: {fileID: 11437180, guid: 413e24e67b0fd3843bae0c2fafee4ef6, type: 2}
      propertyPath: m_AspectRatio
      value: 1.77999997
      objectReference: {fileID: 0}
    - target: {fileID: 22490166, guid: 413e24e67b0fd3843bae0c2fafee4ef6, type: 2}
      propertyPath: m_AnchoredPosition.y
      value: .248626471
      objectReference: {fileID: 0}
    - target: {fileID: 22490166, guid: 413e24e67b0fd3843bae0c2fafee4ef6, type: 2}
      propertyPath: m_AnchoredPosition.x
      value: 0
      objectReference: {fileID: 0}
    - target: {fileID: 22490166, guid: 413e24e67b0fd3843bae0c2fafee4ef6, type: 2}
      propertyPath: m_SizeDelta.x
      value: -8.01874352
      objectReference: {fileID: 0}
    - target: {fileID: 22490166, guid: 413e24e67b0fd3843bae0c2fafee4ef6, type: 2}
      propertyPath: m_SizeDelta.y
      value: -2.32306099
      objectReference: {fileID: 0}
    - target: {fileID: 162230, guid: 413e24e67b0fd3843bae0c2fafee4ef6, type: 2}
      propertyPath: m_Name
      value: Button
      objectReference: {fileID: 0}
    - target: {fileID: 22411544, guid: 413e24e67b0fd3843bae0c2fafee4ef6, type: 2}
      propertyPath: m_AnchorMin.y
      value: .0617054217
      objectReference: {fileID: 0}
    - target: {fileID: 22411544, guid: 413e24e67b0fd3843bae0c2fafee4ef6, type: 2}
      propertyPath: m_AnchorMax.x
      value: .96447742
      objectReference: {fileID: 0}
    - target: {fileID: 22411544, guid: 413e24e67b0fd3843bae0c2fafee4ef6, type: 2}
      propertyPath: m_AnchorMin.x
      value: .05838589
      objectReference: {fileID: 0}
    - target: {fileID: 22411544, guid: 413e24e67b0fd3843bae0c2fafee4ef6, type: 2}
      propertyPath: m_AnchorMax.y
      value: .937145174
      objectReference: {fileID: 0}
    - target: {fileID: 22490166, guid: 413e24e67b0fd3843bae0c2fafee4ef6, type: 2}
      propertyPath: m_AnchorMax.x
      value: .05838589
      objectReference: {fileID: 0}
    - target: {fileID: 22490166, guid: 413e24e67b0fd3843bae0c2fafee4ef6, type: 2}
      propertyPath: m_AnchorMax.y
      value: .548626781
      objectReference: {fileID: 0}
    - target: {fileID: 22490166, guid: 413e24e67b0fd3843bae0c2fafee4ef6, type: 2}
      propertyPath: m_AnchorMin.y
      value: .449836642
      objectReference: {fileID: 0}
    - target: {fileID: 22490166, guid: 413e24e67b0fd3843bae0c2fafee4ef6, type: 2}
      propertyPath: m_AnchorMin.x
      value: 0
      objectReference: {fileID: 0}
    - target: {fileID: 22471752, guid: 413e24e67b0fd3843bae0c2fafee4ef6, type: 2}
      propertyPath: m_LocalScale.x
      value: 5.76000023
      objectReference: {fileID: 0}
    m_RemovedComponents: []
  m_ParentPrefab: {fileID: 100100000, guid: 413e24e67b0fd3843bae0c2fafee4ef6, type: 2}
  m_IsPrefabParent: 0
--- !u!1 &8927314 stripped
GameObject:
  m_PrefabParentObject: {fileID: 107216, guid: 413e24e67b0fd3843bae0c2fafee4ef6, type: 2}
  m_PrefabInternal: {fileID: 8927313}
--- !u!95 &8927315
Animator:
  serializedVersion: 3
  m_ObjectHideFlags: 0
  m_PrefabParentObject: {fileID: 0}
  m_PrefabInternal: {fileID: 0}
  m_GameObject: {fileID: 8927314}
  m_Enabled: 1
  m_Avatar: {fileID: 0}
  m_Controller: {fileID: 9100000, guid: a51e1c6bbb617c64b927195cc4c4c5d7, type: 2}
  m_CullingMode: 0
  m_UpdateMode: 0
  m_ApplyRootMotion: 0
  m_LinearVelocityBlending: 0
  m_WarningMessage: 
  m_HasTransformHierarchy: 1
  m_AllowConstantClipSamplingOptimization: 1
--- !u!4 &8927316 stripped
Transform:
  m_PrefabParentObject: {fileID: 423626, guid: 413e24e67b0fd3843bae0c2fafee4ef6, type: 2}
  m_PrefabInternal: {fileID: 8927313}
--- !u!114 &8927317
MonoBehaviour:
  m_ObjectHideFlags: 0
  m_PrefabParentObject: {fileID: 0}
  m_PrefabInternal: {fileID: 0}
  m_GameObject: {fileID: 8927314}
  m_Enabled: 1
  m_EditorHideFlags: 0
  m_Script: {fileID: 11500000, guid: 105c6a6cee6c73c46901c67a203bcfc7, type: 3}
  m_Name: 
  m_EditorClassIdentifier: 
--- !u!1 &203586098
GameObject:
  m_ObjectHideFlags: 0
  m_PrefabParentObject: {fileID: 0}
  m_PrefabInternal: {fileID: 0}
  serializedVersion: 4
  m_Component:
  - 4: {fileID: 203586099}
  - 61: {fileID: 203586100}
  m_Layer: 0
  m_Name: LevelBorder 1
  m_TagString: Untagged
  m_Icon: {fileID: 0}
  m_NavMeshLayer: 0
  m_StaticEditorFlags: 0
  m_IsActive: 1
--- !u!4 &203586099
Transform:
  m_ObjectHideFlags: 0
  m_PrefabParentObject: {fileID: 0}
  m_PrefabInternal: {fileID: 0}
  m_GameObject: {fileID: 203586098}
  m_LocalRotation: {x: 0, y: 0, z: 0, w: 1}
  m_LocalPosition: {x: 0, y: 1.30999994, z: 0}
  m_LocalScale: {x: 1, y: 1, z: 1}
  m_Children: []
  m_Father: {fileID: 844984820}
  m_RootOrder: 4
--- !u!61 &203586100
BoxCollider2D:
  m_ObjectHideFlags: 0
  m_PrefabParentObject: {fileID: 0}
  m_PrefabInternal: {fileID: 0}
  m_GameObject: {fileID: 203586098}
  m_Enabled: 1
  m_Material: {fileID: 0}
  m_IsTrigger: 0
  m_UsedByEffector: 0
  m_Offset: {x: .387895584, y: -.258602142}
  serializedVersion: 2
  m_Size: {x: 16.0358543, y: 1.51720428}
--- !u!1 &221486974
GameObject:
  m_ObjectHideFlags: 0
  m_PrefabParentObject: {fileID: 0}
  m_PrefabInternal: {fileID: 0}
  serializedVersion: 4
  m_Component:
  - 4: {fileID: 221486975}
  m_Layer: 0
  m_Name: PhoneOffset
  m_TagString: Untagged
  m_Icon: {fileID: 0}
  m_NavMeshLayer: 0
  m_StaticEditorFlags: 0
  m_IsActive: 1
--- !u!4 &221486975
Transform:
  m_ObjectHideFlags: 0
  m_PrefabParentObject: {fileID: 0}
  m_PrefabInternal: {fileID: 0}
  m_GameObject: {fileID: 221486974}
  m_LocalRotation: {x: 0, y: 0, z: 0, w: 1}
  m_LocalPosition: {x: 3, y: 10, z: 319}
  m_LocalScale: {x: 1, y: 1, z: 1}
  m_Children:
  - {fileID: 8927316}
  m_Father: {fileID: 844984820}
  m_RootOrder: 2
--- !u!1 &245465246
GameObject:
  m_ObjectHideFlags: 0
  m_PrefabParentObject: {fileID: 0}
  m_PrefabInternal: {fileID: 0}
  serializedVersion: 4
  m_Component:
  - 4: {fileID: 245465248}
  - 212: {fileID: 245465247}
  m_Layer: 0
  m_Name: Gradients_2
  m_TagString: Untagged
  m_Icon: {fileID: 0}
  m_NavMeshLayer: 0
  m_StaticEditorFlags: 0
  m_IsActive: 1
--- !u!212 &245465247
SpriteRenderer:
  m_ObjectHideFlags: 0
  m_PrefabParentObject: {fileID: 0}
  m_PrefabInternal: {fileID: 0}
  m_GameObject: {fileID: 245465246}
  m_Enabled: 1
  m_CastShadows: 0
  m_ReceiveShadows: 0
  m_Materials:
  - {fileID: 10754, guid: 0000000000000000e000000000000000, type: 0}
  m_SubsetIndices: 
  m_StaticBatchRoot: {fileID: 0}
  m_UseLightProbes: 1
  m_ReflectionProbeUsage: 1
  m_ProbeAnchor: {fileID: 0}
  m_ScaleInLightmap: 1
  m_PreserveUVs: 0
  m_ImportantGI: 0
  m_AutoUVMaxDistance: .5
  m_AutoUVMaxAngle: 89
  m_LightmapParameters: {fileID: 0}
  m_SortingLayerID: 0
  m_SortingOrder: 0
  m_Sprite: {fileID: 21300004, guid: 695a2e8173b4a6f46be3281aa5a0ff53, type: 3}
  m_Color: {r: 1, g: 0, b: 0, a: 1}
--- !u!4 &245465248
Transform:
  m_ObjectHideFlags: 0
  m_PrefabParentObject: {fileID: 0}
  m_PrefabInternal: {fileID: 0}
  m_GameObject: {fileID: 245465246}
  m_LocalRotation: {x: 0, y: 0, z: 0, w: 1}
  m_LocalPosition: {x: -10.5341845, y: -5.85765934, z: -.06640625}
  m_LocalScale: {x: 1, y: .384896189, z: 1}
  m_Children: []
  m_Father: {fileID: 673211595}
  m_RootOrder: 2
--- !u!1 &265472586
GameObject:
  m_ObjectHideFlags: 0
  m_PrefabParentObject: {fileID: 0}
  m_PrefabInternal: {fileID: 0}
  serializedVersion: 4
  m_Component:
  - 4: {fileID: 265472588}
  - 212: {fileID: 265472587}
  m_Layer: 0
  m_Name: Gradients_0
  m_TagString: Untagged
  m_Icon: {fileID: 0}
  m_NavMeshLayer: 0
  m_StaticEditorFlags: 0
  m_IsActive: 1
--- !u!212 &265472587
SpriteRenderer:
  m_ObjectHideFlags: 0
  m_PrefabParentObject: {fileID: 0}
  m_PrefabInternal: {fileID: 0}
  m_GameObject: {fileID: 265472586}
  m_Enabled: 1
  m_CastShadows: 0
  m_ReceiveShadows: 0
  m_Materials:
  - {fileID: 10754, guid: 0000000000000000e000000000000000, type: 0}
  m_SubsetIndices: 
  m_StaticBatchRoot: {fileID: 0}
  m_UseLightProbes: 1
  m_ReflectionProbeUsage: 1
  m_ProbeAnchor: {fileID: 0}
  m_ScaleInLightmap: 1
  m_PreserveUVs: 0
  m_ImportantGI: 0
  m_AutoUVMaxDistance: .5
  m_AutoUVMaxAngle: 89
  m_LightmapParameters: {fileID: 0}
  m_SortingLayerID: 0
  m_SortingOrder: 0
  m_Sprite: {fileID: 21300000, guid: 695a2e8173b4a6f46be3281aa5a0ff53, type: 3}
  m_Color: {r: 1, g: 0, b: 0, a: 1}
--- !u!4 &265472588
Transform:
  m_ObjectHideFlags: 0
  m_PrefabParentObject: {fileID: 0}
  m_PrefabInternal: {fileID: 0}
  m_GameObject: {fileID: 265472586}
  m_LocalRotation: {x: 0, y: 0, z: 0, w: 1}
  m_LocalPosition: {x: -12.5341845, y: -5.85765934, z: -.06640625}
  m_LocalScale: {x: 1, y: .384896189, z: 1}
  m_Children: []
  m_Father: {fileID: 673211595}
  m_RootOrder: 4
--- !u!1001 &510595724
Prefab:
  m_ObjectHideFlags: 0
  serializedVersion: 2
  m_Modification:
    m_TransformParent: {fileID: 0}
    m_Modifications:
    - target: {fileID: 408642, guid: 5ace0a132e2662f41b1811c2f5c0c021, type: 2}
      propertyPath: m_LocalPosition.x
      value: 7
      objectReference: {fileID: 0}
    - target: {fileID: 408642, guid: 5ace0a132e2662f41b1811c2f5c0c021, type: 2}
      propertyPath: m_LocalPosition.y
      value: -.879999995
      objectReference: {fileID: 0}
    - target: {fileID: 408642, guid: 5ace0a132e2662f41b1811c2f5c0c021, type: 2}
      propertyPath: m_LocalPosition.z
      value: -6.44000006
      objectReference: {fileID: 0}
    - target: {fileID: 408642, guid: 5ace0a132e2662f41b1811c2f5c0c021, type: 2}
      propertyPath: m_LocalRotation.x
      value: 0
      objectReference: {fileID: 0}
    - target: {fileID: 408642, guid: 5ace0a132e2662f41b1811c2f5c0c021, type: 2}
      propertyPath: m_LocalRotation.y
      value: 0
      objectReference: {fileID: 0}
    - target: {fileID: 408642, guid: 5ace0a132e2662f41b1811c2f5c0c021, type: 2}
      propertyPath: m_LocalRotation.z
      value: 0
      objectReference: {fileID: 0}
    - target: {fileID: 408642, guid: 5ace0a132e2662f41b1811c2f5c0c021, type: 2}
      propertyPath: m_LocalRotation.w
      value: 1
      objectReference: {fileID: 0}
    - target: {fileID: 408642, guid: 5ace0a132e2662f41b1811c2f5c0c021, type: 2}
      propertyPath: m_RootOrder
      value: 2
      objectReference: {fileID: 0}
    - target: {fileID: 11479592, guid: 5ace0a132e2662f41b1811c2f5c0c021, type: 2}
      propertyPath: target
      value: 
      objectReference: {fileID: 1233217360}
    - target: {fileID: 194822, guid: 5ace0a132e2662f41b1811c2f5c0c021, type: 2}
      propertyPath: m_IsActive
      value: 1
      objectReference: {fileID: 0}
    - target: {fileID: 2091578, guid: 5ace0a132e2662f41b1811c2f5c0c021, type: 2}
      propertyPath: orthographic
      value: 0
      objectReference: {fileID: 0}
    - target: {fileID: 127956, guid: 5ace0a132e2662f41b1811c2f5c0c021, type: 2}
      propertyPath: m_IsActive
      value: 0
      objectReference: {fileID: 0}
    - target: {fileID: 112320, guid: 5ace0a132e2662f41b1811c2f5c0c021, type: 2}
      propertyPath: m_IsActive
      value: 0
      objectReference: {fileID: 0}
    - target: {fileID: 127956, guid: 5ace0a132e2662f41b1811c2f5c0c021, type: 2}
      propertyPath: m_Name
      value: SolarRay
      objectReference: {fileID: 0}
    - target: {fileID: 112320, guid: 5ace0a132e2662f41b1811c2f5c0c021, type: 2}
      propertyPath: m_Name
      value: SolarRay
      objectReference: {fileID: 0}
    - target: {fileID: 11479592, guid: 5ace0a132e2662f41b1811c2f5c0c021, type: 2}
      propertyPath: m_Enabled
      value: 1
      objectReference: {fileID: 0}
    - target: {fileID: 11479592, guid: 5ace0a132e2662f41b1811c2f5c0c021, type: 2}
      propertyPath: followSpeed
      value: .5
      objectReference: {fileID: 0}
    m_RemovedComponents: []
  m_ParentPrefab: {fileID: 100100000, guid: 5ace0a132e2662f41b1811c2f5c0c021, type: 2}
  m_IsPrefabParent: 0
--- !u!1 &587872270
GameObject:
  m_ObjectHideFlags: 0
  m_PrefabParentObject: {fileID: 0}
  m_PrefabInternal: {fileID: 0}
  serializedVersion: 4
  m_Component:
  - 4: {fileID: 587872271}
  - 61: {fileID: 587872272}
  m_Layer: 0
  m_Name: LevelBorder
  m_TagString: Untagged
  m_Icon: {fileID: 0}
  m_NavMeshLayer: 0
  m_StaticEditorFlags: 0
  m_IsActive: 1
--- !u!4 &587872271
Transform:
  m_ObjectHideFlags: 0
  m_PrefabParentObject: {fileID: 0}
  m_PrefabInternal: {fileID: 0}
  m_GameObject: {fileID: 587872270}
  m_LocalRotation: {x: 0, y: 0, z: 0, w: 1}
  m_LocalPosition: {x: 0, y: -4.17000008, z: 0}
  m_LocalScale: {x: 1, y: 1, z: 1}
  m_Children: []
  m_Father: {fileID: 844984820}
  m_RootOrder: 3
--- !u!61 &587872272
BoxCollider2D:
  m_ObjectHideFlags: 0
  m_PrefabParentObject: {fileID: 0}
  m_PrefabInternal: {fileID: 0}
  m_GameObject: {fileID: 587872270}
  m_Enabled: 1
  m_Material: {fileID: 0}
  m_IsTrigger: 0
  m_UsedByEffector: 0
  m_Offset: {x: .387895584, y: -.258602142}
  serializedVersion: 2
  m_Size: {x: 16.0358543, y: 1.51720428}
--- !u!1 &673211594
GameObject:
  m_ObjectHideFlags: 0
  m_PrefabParentObject: {fileID: 0}
  m_PrefabInternal: {fileID: 0}
  serializedVersion: 4
  m_Component:
  - 4: {fileID: 673211595}
  m_Layer: 0
  m_Name: Prototypes
  m_TagString: Untagged
  m_Icon: {fileID: 0}
  m_NavMeshLayer: 0
  m_StaticEditorFlags: 0
  m_IsActive: 1
--- !u!4 &673211595
Transform:
  m_ObjectHideFlags: 0
  m_PrefabParentObject: {fileID: 0}
  m_PrefabInternal: {fileID: 0}
  m_GameObject: {fileID: 673211594}
  m_LocalRotation: {x: 0, y: 0, z: 0, w: 1}
  m_LocalPosition: {x: 1.48418427, y: -4.08234024, z: .06640625}
  m_LocalScale: {x: 1, y: 1, z: 1}
  m_Children:
  - {fileID: 2053636273}
  - {fileID: 1426212825}
  - {fileID: 245465248}
  - {fileID: 1231791853}
  - {fileID: 265472588}
  m_Father: {fileID: 0}
  m_RootOrder: 3
--- !u!4 &844984820 stripped
Transform:
  m_PrefabParentObject: {fileID: 408642, guid: 5ace0a132e2662f41b1811c2f5c0c021, type: 2}
  m_PrefabInternal: {fileID: 510595724}
--- !u!1 &847615706
GameObject:
  m_ObjectHideFlags: 0
  m_PrefabParentObject: {fileID: 0}
  m_PrefabInternal: {fileID: 0}
  serializedVersion: 4
  m_Component:
  - 4: {fileID: 847615707}
  - 114: {fileID: 847615708}
  m_Layer: 0
  m_Name: LevelGenerator
  m_TagString: Untagged
  m_Icon: {fileID: 0}
  m_NavMeshLayer: 0
  m_StaticEditorFlags: 0
  m_IsActive: 1
--- !u!4 &847615707
Transform:
  m_ObjectHideFlags: 0
  m_PrefabParentObject: {fileID: 0}
  m_PrefabInternal: {fileID: 0}
  m_GameObject: {fileID: 847615706}
  m_LocalRotation: {x: 0, y: 0, z: 0, w: 1}
  m_LocalPosition: {x: 0, y: 0, z: 0}
  m_LocalScale: {x: 1, y: 1, z: 1}
  m_Children: []
  m_Father: {fileID: 0}
  m_RootOrder: 5
--- !u!114 &847615708
MonoBehaviour:
  m_ObjectHideFlags: 0
  m_PrefabParentObject: {fileID: 0}
  m_PrefabInternal: {fileID: 0}
  m_GameObject: {fileID: 847615706}
  m_Enabled: 1
  m_EditorHideFlags: 0
  m_Script: {fileID: 11500000, guid: 49cb489f408bcb240a6d3d3a85586453, type: 3}
  m_Name: 
  m_EditorClassIdentifier: 
  possiblePieces:
  - {fileID: 11447600, guid: a6b1f201200b4074ea9d7890f1cd2336, type: 2}
  - {fileID: 11447600, guid: 9feba3db59276ff4a84bc09c0ee8fdfb, type: 2}
  buffer: 2
--- !u!1 &885310576
GameObject:
  m_ObjectHideFlags: 0
  m_PrefabParentObject: {fileID: 0}
  m_PrefabInternal: {fileID: 0}
  serializedVersion: 4
  m_Component:
  - 4: {fileID: 885310577}
  - 61: {fileID: 885310578}
  - 114: {fileID: 885310579}
  - 50: {fileID: 885310580}
  m_Layer: 0
  m_Name: GarbageCollector
  m_TagString: Untagged
  m_Icon: {fileID: 0}
  m_NavMeshLayer: 0
  m_StaticEditorFlags: 0
  m_IsActive: 1
--- !u!4 &885310577
Transform:
  m_ObjectHideFlags: 0
  m_PrefabParentObject: {fileID: 0}
  m_PrefabInternal: {fileID: 0}
  m_GameObject: {fileID: 885310576}
  m_LocalRotation: {x: 0, y: 0, z: 0, w: 1}
  m_LocalPosition: {x: -20.7399998, y: -4.17000008, z: 0}
  m_LocalScale: {x: 1, y: 1, z: 1}
  m_Children: []
  m_Father: {fileID: 844984820}
  m_RootOrder: 5
--- !u!61 &885310578
BoxCollider2D:
  m_ObjectHideFlags: 0
  m_PrefabParentObject: {fileID: 0}
  m_PrefabInternal: {fileID: 0}
  m_GameObject: {fileID: 885310576}
  m_Enabled: 1
  m_Material: {fileID: 0}
  m_IsTrigger: 1
  m_UsedByEffector: 0
  m_Offset: {x: .387895584, y: 3.93697166}
  serializedVersion: 2
  m_Size: {x: 16.0358543, y: 11.2940464}
--- !u!114 &885310579
MonoBehaviour:
  m_ObjectHideFlags: 0
  m_PrefabParentObject: {fileID: 0}
  m_PrefabInternal: {fileID: 0}
  m_GameObject: {fileID: 885310576}
  m_Enabled: 1
  m_EditorHideFlags: 0
  m_Script: {fileID: 11500000, guid: 5fb4c529f2a168045b7c083c18193133, type: 3}
  m_Name: 
  m_EditorClassIdentifier: 
--- !u!50 &885310580
Rigidbody2D:
  m_ObjectHideFlags: 0
  m_PrefabParentObject: {fileID: 0}
  m_PrefabInternal: {fileID: 0}
  m_GameObject: {fileID: 885310576}
  m_Mass: 1
  m_LinearDrag: 0
  m_AngularDrag: .0500000007
  m_GravityScale: 1
  m_FixedAngle: 0
  m_IsKinematic: 1
  m_Interpolate: 0
  m_SleepingMode: 1
  m_CollisionDetection: 0
--- !u!1001 &918036638
Prefab:
  m_ObjectHideFlags: 0
  serializedVersion: 2
  m_Modification:
    m_TransformParent: {fileID: 0}
    m_Modifications:
    - target: {fileID: 404714, guid: 733bcd69c7dc63c4ca9b1e8ac8744c3a, type: 2}
      propertyPath: m_LocalPosition.x
      value: 1.02999997
      objectReference: {fileID: 0}
    - target: {fileID: 404714, guid: 733bcd69c7dc63c4ca9b1e8ac8744c3a, type: 2}
      propertyPath: m_LocalPosition.y
      value: -2.70000005
      objectReference: {fileID: 0}
    - target: {fileID: 404714, guid: 733bcd69c7dc63c4ca9b1e8ac8744c3a, type: 2}
      propertyPath: m_LocalPosition.z
      value: 0
      objectReference: {fileID: 0}
    - target: {fileID: 404714, guid: 733bcd69c7dc63c4ca9b1e8ac8744c3a, type: 2}
      propertyPath: m_LocalRotation.x
      value: 0
      objectReference: {fileID: 0}
    - target: {fileID: 404714, guid: 733bcd69c7dc63c4ca9b1e8ac8744c3a, type: 2}
      propertyPath: m_LocalRotation.y
      value: 0
      objectReference: {fileID: 0}
    - target: {fileID: 404714, guid: 733bcd69c7dc63c4ca9b1e8ac8744c3a, type: 2}
      propertyPath: m_LocalRotation.z
      value: 0
      objectReference: {fileID: 0}
    - target: {fileID: 404714, guid: 733bcd69c7dc63c4ca9b1e8ac8744c3a, type: 2}
      propertyPath: m_LocalRotation.w
      value: 1
      objectReference: {fileID: 0}
    - target: {fileID: 404714, guid: 733bcd69c7dc63c4ca9b1e8ac8744c3a, type: 2}
      propertyPath: m_RootOrder
      value: 0
      objectReference: {fileID: 0}
    - target: {fileID: 5080954, guid: 733bcd69c7dc63c4ca9b1e8ac8744c3a, type: 2}
      propertyPath: m_LinearDrag
      value: 15
      objectReference: {fileID: 0}
    - target: {fileID: 11433216, guid: 733bcd69c7dc63c4ca9b1e8ac8744c3a, type: 2}
      propertyPath: acceleration.x
      value: 2
      objectReference: {fileID: 0}
    - target: {fileID: 11433216, guid: 733bcd69c7dc63c4ca9b1e8ac8744c3a, type: 2}
      propertyPath: acceleration.y
      value: 150
      objectReference: {fileID: 0}
    m_RemovedComponents: []
  m_ParentPrefab: {fileID: 100100000, guid: 733bcd69c7dc63c4ca9b1e8ac8744c3a, type: 2}
  m_IsPrefabParent: 0
--- !u!1 &1087347691
GameObject:
  m_ObjectHideFlags: 0
  m_PrefabParentObject: {fileID: 0}
  m_PrefabInternal: {fileID: 0}
  serializedVersion: 4
  m_Component:
  - 4: {fileID: 1087347693}
  - 114: {fileID: 1087347692}
  m_Layer: 0
  m_Name: Controls
  m_TagString: Untagged
  m_Icon: {fileID: 0}
  m_NavMeshLayer: 0
  m_StaticEditorFlags: 0
  m_IsActive: 1
--- !u!114 &1087347692
MonoBehaviour:
  m_ObjectHideFlags: 0
  m_PrefabParentObject: {fileID: 0}
  m_PrefabInternal: {fileID: 0}
  m_GameObject: {fileID: 1087347691}
  m_Enabled: 1
  m_EditorHideFlags: 0
  m_Script: {fileID: 11500000, guid: 4b7e6f1d2ff14124da3b26bf1473aca4, type: 3}
  m_Name: 
  m_EditorClassIdentifier: 
--- !u!4 &1087347693
Transform:
  m_ObjectHideFlags: 0
  m_PrefabParentObject: {fileID: 0}
  m_PrefabInternal: {fileID: 0}
  m_GameObject: {fileID: 1087347691}
  m_LocalRotation: {x: 0, y: 0, z: 0, w: 1}
  m_LocalPosition: {x: 97.2872162, y: -331.372437, z: 444.5}
  m_LocalScale: {x: 1, y: 1, z: 1}
  m_Children: []
  m_Father: {fileID: 0}
  m_RootOrder: 6
--- !u!1001 &1186883769
Prefab:
  m_ObjectHideFlags: 0
  serializedVersion: 2
  m_Modification:
    m_TransformParent: {fileID: 0}
    m_Modifications:
    - target: {fileID: 450928, guid: a6b1f201200b4074ea9d7890f1cd2336, type: 2}
      propertyPath: m_LocalPosition.x
      value: 0
      objectReference: {fileID: 0}
    - target: {fileID: 450928, guid: a6b1f201200b4074ea9d7890f1cd2336, type: 2}
      propertyPath: m_LocalPosition.y
      value: 0
      objectReference: {fileID: 0}
    - target: {fileID: 450928, guid: a6b1f201200b4074ea9d7890f1cd2336, type: 2}
      propertyPath: m_LocalPosition.z
      value: 0
      objectReference: {fileID: 0}
    - target: {fileID: 450928, guid: a6b1f201200b4074ea9d7890f1cd2336, type: 2}
      propertyPath: m_LocalRotation.x
      value: 0
      objectReference: {fileID: 0}
    - target: {fileID: 450928, guid: a6b1f201200b4074ea9d7890f1cd2336, type: 2}
      propertyPath: m_LocalRotation.y
      value: 0
      objectReference: {fileID: 0}
    - target: {fileID: 450928, guid: a6b1f201200b4074ea9d7890f1cd2336, type: 2}
      propertyPath: m_LocalRotation.z
      value: 0
      objectReference: {fileID: 0}
    - target: {fileID: 450928, guid: a6b1f201200b4074ea9d7890f1cd2336, type: 2}
      propertyPath: m_LocalRotation.w
      value: 1
      objectReference: {fileID: 0}
    - target: {fileID: 450928, guid: a6b1f201200b4074ea9d7890f1cd2336, type: 2}
      propertyPath: m_RootOrder
      value: 4
      objectReference: {fileID: 0}
    - target: {fileID: 181738, guid: a6b1f201200b4074ea9d7890f1cd2336, type: 2}
      propertyPath: m_Name
      value: NoPeople
      objectReference: {fileID: 0}
    - target: {fileID: 168086, guid: a6b1f201200b4074ea9d7890f1cd2336, type: 2}
      propertyPath: m_IsActive
      value: 0
      objectReference: {fileID: 0}
    - target: {fileID: 471950, guid: a6b1f201200b4074ea9d7890f1cd2336, type: 2}
      propertyPath: m_LocalPosition.x
      value: 9.27999973
      objectReference: {fileID: 0}
    - target: {fileID: 471950, guid: a6b1f201200b4074ea9d7890f1cd2336, type: 2}
      propertyPath: m_LocalScale.x
      value: 17.7665043
      objectReference: {fileID: 0}
    m_RemovedComponents: []
  m_ParentPrefab: {fileID: 100100000, guid: a6b1f201200b4074ea9d7890f1cd2336, type: 2}
  m_IsPrefabParent: 0
--- !u!1 &1231791851
GameObject:
  m_ObjectHideFlags: 0
  m_PrefabParentObject: {fileID: 0}
  m_PrefabInternal: {fileID: 0}
  serializedVersion: 4
  m_Component:
  - 4: {fileID: 1231791853}
  - 212: {fileID: 1231791852}
  m_Layer: 0
  m_Name: Gradients_1
  m_TagString: Untagged
  m_Icon: {fileID: 0}
  m_NavMeshLayer: 0
  m_StaticEditorFlags: 0
  m_IsActive: 1
--- !u!212 &1231791852
SpriteRenderer:
  m_ObjectHideFlags: 0
  m_PrefabParentObject: {fileID: 0}
  m_PrefabInternal: {fileID: 0}
  m_GameObject: {fileID: 1231791851}
  m_Enabled: 1
  m_CastShadows: 0
  m_ReceiveShadows: 0
  m_Materials:
  - {fileID: 10754, guid: 0000000000000000e000000000000000, type: 0}
  m_SubsetIndices: 
  m_StaticBatchRoot: {fileID: 0}
  m_UseLightProbes: 1
  m_ReflectionProbeUsage: 1
  m_ProbeAnchor: {fileID: 0}
  m_ScaleInLightmap: 1
  m_PreserveUVs: 0
  m_ImportantGI: 0
  m_AutoUVMaxDistance: .5
  m_AutoUVMaxAngle: 89
  m_LightmapParameters: {fileID: 0}
  m_SortingLayerID: 0
  m_SortingOrder: 0
  m_Sprite: {fileID: 21300002, guid: 695a2e8173b4a6f46be3281aa5a0ff53, type: 3}
  m_Color: {r: 1, g: 0, b: 0, a: 1}
--- !u!4 &1231791853
Transform:
  m_ObjectHideFlags: 0
  m_PrefabParentObject: {fileID: 0}
  m_PrefabInternal: {fileID: 0}
  m_GameObject: {fileID: 1231791851}
  m_LocalRotation: {x: 0, y: 0, z: 0, w: 1}
  m_LocalPosition: {x: -11.5341845, y: -5.85765934, z: -.06640625}
  m_LocalScale: {x: 1, y: .384896189, z: 1}
  m_Children: []
  m_Father: {fileID: 673211595}
  m_RootOrder: 3
--- !u!4 &1233217360 stripped
Transform:
  m_PrefabParentObject: {fileID: 404714, guid: 733bcd69c7dc63c4ca9b1e8ac8744c3a, type: 2}
  m_PrefabInternal: {fileID: 918036638}
--- !u!1 &1426212823
GameObject:
  m_ObjectHideFlags: 0
  m_PrefabParentObject: {fileID: 0}
  m_PrefabInternal: {fileID: 0}
  serializedVersion: 4
  m_Component:
  - 4: {fileID: 1426212825}
  - 212: {fileID: 1426212824}
  m_Layer: 0
  m_Name: Gradients_3
  m_TagString: Untagged
  m_Icon: {fileID: 0}
  m_NavMeshLayer: 0
  m_StaticEditorFlags: 0
  m_IsActive: 1
--- !u!212 &1426212824
SpriteRenderer:
  m_ObjectHideFlags: 0
  m_PrefabParentObject: {fileID: 0}
  m_PrefabInternal: {fileID: 0}
  m_GameObject: {fileID: 1426212823}
  m_Enabled: 1
  m_CastShadows: 0
  m_ReceiveShadows: 0
  m_Materials:
  - {fileID: 10754, guid: 0000000000000000e000000000000000, type: 0}
  m_SubsetIndices: 
  m_StaticBatchRoot: {fileID: 0}
  m_UseLightProbes: 1
  m_ReflectionProbeUsage: 1
  m_ProbeAnchor: {fileID: 0}
  m_ScaleInLightmap: 1
  m_PreserveUVs: 0
  m_ImportantGI: 0
  m_AutoUVMaxDistance: .5
  m_AutoUVMaxAngle: 89
  m_LightmapParameters: {fileID: 0}
  m_SortingLayerID: 0
  m_SortingOrder: 0
  m_Sprite: {fileID: 21300006, guid: 695a2e8173b4a6f46be3281aa5a0ff53, type: 3}
  m_Color: {r: 1, g: 0, b: 0, a: 1}
--- !u!4 &1426212825
Transform:
  m_ObjectHideFlags: 0
  m_PrefabParentObject: {fileID: 0}
  m_PrefabInternal: {fileID: 0}
  m_GameObject: {fileID: 1426212823}
  m_LocalRotation: {x: 0, y: 0, z: 0, w: 1}
  m_LocalPosition: {x: -9.53418446, y: -5.85765934, z: -.06640625}
  m_LocalScale: {x: 1, y: .384896189, z: 1}
  m_Children: []
  m_Father: {fileID: 673211595}
  m_RootOrder: 1
--- !u!1001 &1597990727
Prefab:
  m_ObjectHideFlags: 0
  serializedVersion: 2
  m_Modification:
    m_TransformParent: {fileID: 673211595}
    m_Modifications:
    - target: {fileID: 481242, guid: d3af9a3b16161654ca43b7f2011613db, type: 2}
      propertyPath: m_LocalPosition.x
      value: -7.55999994
      objectReference: {fileID: 0}
    - target: {fileID: 481242, guid: d3af9a3b16161654ca43b7f2011613db, type: 2}
      propertyPath: m_LocalPosition.y
      value: -5.82000017
      objectReference: {fileID: 0}
    - target: {fileID: 481242, guid: d3af9a3b16161654ca43b7f2011613db, type: 2}
      propertyPath: m_LocalPosition.z
      value: -.0700000003
      objectReference: {fileID: 0}
    - target: {fileID: 481242, guid: d3af9a3b16161654ca43b7f2011613db, type: 2}
      propertyPath: m_LocalRotation.x
      value: 0
      objectReference: {fileID: 0}
    - target: {fileID: 481242, guid: d3af9a3b16161654ca43b7f2011613db, type: 2}
      propertyPath: m_LocalRotation.y
      value: 0
      objectReference: {fileID: 0}
    - target: {fileID: 481242, guid: d3af9a3b16161654ca43b7f2011613db, type: 2}
      propertyPath: m_LocalRotation.z
      value: 0
      objectReference: {fileID: 0}
    - target: {fileID: 481242, guid: d3af9a3b16161654ca43b7f2011613db, type: 2}
      propertyPath: m_LocalRotation.w
      value: 1
      objectReference: {fileID: 0}
    - target: {fileID: 481242, guid: d3af9a3b16161654ca43b7f2011613db, type: 2}
      propertyPath: m_RootOrder
      value: 0
      objectReference: {fileID: 0}
    m_RemovedComponents: []
  m_ParentPrefab: {fileID: 100100000, guid: d3af9a3b16161654ca43b7f2011613db, type: 2}
  m_IsPrefabParent: 0
--- !u!1 &1638591787
GameObject:
  m_ObjectHideFlags: 0
  m_PrefabParentObject: {fileID: 0}
  m_PrefabInternal: {fileID: 0}
  serializedVersion: 4
  m_Component:
  - 4: {fileID: 1638591791}
  - 114: {fileID: 1638591790}
  - 114: {fileID: 1638591789}
  - 114: {fileID: 1638591788}
  m_Layer: 0
  m_Name: EventSystem
  m_TagString: Untagged
  m_Icon: {fileID: 0}
  m_NavMeshLayer: 0
  m_StaticEditorFlags: 0
  m_IsActive: 1
--- !u!114 &1638591788
MonoBehaviour:
  m_ObjectHideFlags: 0
  m_PrefabParentObject: {fileID: 0}
  m_PrefabInternal: {fileID: 0}
  m_GameObject: {fileID: 1638591787}
  m_Enabled: 1
  m_EditorHideFlags: 0
  m_Script: {fileID: 1997211142, guid: f5f67c52d1564df4a8936ccd202a3bd8, type: 3}
  m_Name: 
  m_EditorClassIdentifier: 
  m_AllowActivationOnStandalone: 0
--- !u!114 &1638591789
MonoBehaviour:
  m_ObjectHideFlags: 0
  m_PrefabParentObject: {fileID: 0}
  m_PrefabInternal: {fileID: 0}
  m_GameObject: {fileID: 1638591787}
  m_Enabled: 1
  m_EditorHideFlags: 0
  m_Script: {fileID: 1077351063, guid: f5f67c52d1564df4a8936ccd202a3bd8, type: 3}
  m_Name: 
  m_EditorClassIdentifier: 
  m_HorizontalAxis: Horizontal
  m_VerticalAxis: Vertical
  m_SubmitButton: Submit
  m_CancelButton: Cancel
  m_InputActionsPerSecond: 10
  m_AllowActivationOnMobileDevice: 0
--- !u!114 &1638591790
MonoBehaviour:
  m_ObjectHideFlags: 0
  m_PrefabParentObject: {fileID: 0}
  m_PrefabInternal: {fileID: 0}
  m_GameObject: {fileID: 1638591787}
  m_Enabled: 1
  m_EditorHideFlags: 0
  m_Script: {fileID: -619905303, guid: f5f67c52d1564df4a8936ccd202a3bd8, type: 3}
  m_Name: 
  m_EditorClassIdentifier: 
  m_FirstSelected: {fileID: 0}
  m_sendNavigationEvents: 1
  m_DragThreshold: 5
--- !u!4 &1638591791
Transform:
  m_ObjectHideFlags: 0
  m_PrefabParentObject: {fileID: 0}
  m_PrefabInternal: {fileID: 0}
  m_GameObject: {fileID: 1638591787}
  m_LocalRotation: {x: 0, y: 0, z: 0, w: 1}
  m_LocalPosition: {x: 0, y: 0, z: 0}
  m_LocalScale: {x: 1, y: 1, z: 1}
  m_Children: []
  m_Father: {fileID: 0}
  m_RootOrder: 1
--- !u!4 &2053636273 stripped
Transform:
  m_PrefabParentObject: {fileID: 481242, guid: d3af9a3b16161654ca43b7f2011613db, type: 2}
  m_PrefabInternal: {fileID: 1597990727}
